@misc{wwwhisper, 
    title     = "wwwhisper (Heroku add-on)",
    author    = "Heroku",
    url       = "https://devcenter.heroku.com/articles/wwwhisper"
}

@misc{bioauth, 
    title     = "Biometric Authentication",
    author    = "Android",
    url       = "https://developer.android.com/codelabs/biometric-login#0"
}

@misc{unittest, 
    title     = "Unit Testing",
    author    = "Android",
    url       = "https://developer.android.com/training/testing/unit-testing/local-unit-tests"
}

@misc{instrumentationtest, 
    title     = "Instrumentation Testing",
    author    = "Android",
    url       = "https://developer.android.com/training/testing/unit-testing/instrumented-unit-tests"
}

@misc{firebasetestlab, 
    title     = "Firebase Test Lab",
    author    = "Google",
    url       = "https://firebase.google.com/docs/test-lab/"
}

@misc{robotest, 
    title     = "Robo Tests",
    author    = "Google",
    url       = "https://firebase.google.com/docs/test-lab/android/robo-ux-test"
}

@misc{idc, 
    title     = "Smartphone Market Share",
    author    = "IDC",
    url       = "https://www.idc.com/promo/smartphone-market-share/os"
}

@misc{kotlin, 
    title     = "Kotlin",
    author    = "Android",
    url       = "https://developer.android.com/kotlin"
}

@misc{location, 
    title     = "Location",
    author    = "Android",
    url       = "https://developer.android.com/reference/android/location/Location"
}

@misc{react, 
    title     = "React - A JavaScript Library",
    author    = "ReactJS",
    url       = "https://reactjs.org/"
}

@misc{mern, 
    title     = "What is the MERN Stack?",
    author    = "MongoDB",
    url       = "https://www.mongodb.com/mern-stack"
}

@misc{realm, 
    title     = "MongoDB Realm",
    author    = "MongoDB",
    url       = "https://www.mongodb.com/realm"
}

@misc{androidStudio, 
    title     = "Android Studio",
    author    = "Android",
    url       = "https://developer.android.com/studio"
}

@misc{heroku, 
    title     = "About Heroku",
    author    = "Heroku",
    url       = "https://www.heroku.com/about"
}

@misc{meatPlants, 
    title     = "Nearly 1,500 cases linked to 28 meat factory outbreaks across the country",
    author    = "Christina Finn",
    url       = "https://www.thejournal.ie/1500-cases-liked-to-meat-plants-5189065-Aug2020/"
}

@misc{CovidSurvives, 
    title     = "Covid virus ‘survives for 28 days’ in lab conditions",
    author    = "BBC News",
    url       = "https://www.bbc.com/news/health-54500673"
}

@misc{appNeeds, 
    title     = "Why Your Mobile App Needs To Be User-friendly",
    author    = "Yadonia Group",
    url       = "https://www.yadonia.com/blog/the-importance-of-user-friendliness-for-mobile-apps/"
}

@misc{smartPhoneUsage, 
    title     = "Research highlights the frequency of smartphone usage in Ireland",
    author    = "Irish Life",
    url       = "https://www.irishlifecorporatebusiness.ie/research-highlights-frequency-smartphone-usage-ireland"
}

@misc{iPhone11, 
    title     = "iPhone 11 Pro",
    author    = "Gadgets360",
    url       = "https://gadgets.ndtv.com/apple-iphone-11-pro-price-in-india-91112"
}

@misc{iPhone6, 
    title     = "iPhone 6",
    author    = "Gadgets360",
    url       = "https://gadgets.ndtv.com/apple-iphone-6-1973"
}

@misc{AndroidStudio,
    title  = "Android Studio",
    author = "Wikipedia",
    url    = "https://en.wikipedia.org/wiki/Android_Studio"
}

@misc{Statista,
    title  = "statista",
    author = "S. O'Dea",
    url    = "https://www.statista.com/statistics/494649/smartphone-users-in-ireland/"
}

@misc{AndroidStudioBlog,
    title  = "Android Studio 4.2",
    author = "Jamal Eason",
    url    = "https://android-developers.googleblog.com/2021/05/android-studio-42.html"
}

@misc{MongoDBAtlas,
    title  = "Mongo DB Atlas",
    author = "Mongo DB",
    url    = "https://www.mongodb.com/cloud/atlas/lp/try2?utm_source=google&utm_campaign=gs_emea_ireland_search_core_brand_atlas_desktop&utm_term=mongodb"
}

@misc{Mobile,
    title  = "Mobile Vendor Market Share Ireland",
    author = "statcounter",
    url    = "https://gs.statcounter.com/vendor-market-share/mobile/ireland"
}

@misc{UserStory,
    title  = "User Stories with Examples and Template",
    author = "MAX REHKOPF",
    url    = "https://www.atlassian.com/agile/project-management/user-storiesd"
}

@misc{MongoDBRealm,
    title  = "Mongo DB Realm",
    author = "Mongo DB",
    url    = "https://www.mongodb.com/realm"
}

@misc{MongoDBRealmReact,
    title  = "Mongo DB Realm - React Quickstart",
    author = "Mongo DB",
    url    = "https://docs.mongodb.com/guides/realm/react-web-quickstart/"
}

@misc{usbDebugging,
    title  = "USB Debugging",
    author = "Kony",
    url    = "https://docs.kony.com/konylibrary/visualizer/visualizer_user_guide/Content/AndroidUSBDebugging_Windows10.htm"
}

@misc{kotlinExplained,
    title  = "What is Kotlin? The Java alternative explained",
    author = "Martin Heller",
    url    = "https://www.infoworld.com/article/3224868/what-is-kotlin-the-java-alternative-explained.html"
}

@misc{kotlin,
    title  = "Kotlin (programming language)",
    author = "Wikipedia",
    url    = "https://en.wikipedia.org/wiki/Kotlin_(programming_language)"
}

@misc{jira,
    title  = "Jira Software",
    author = "Atlassian",
    url    = "https://www.atlassian.com/software/jira"
}

@misc{confluence,
    title  = "Confluence",
    author = "Atlassian",
    url    = "https://www.atlassian.com/software/confluence"
}

@misc{agile,
    title  = "Agile Methodology",
    author = "Wrike",
    url    = "https://www.wrike.com/project-management-guide/faq/what-is-agile-methodology-in-project-management/"
}